
@article{FXKY201201028,
	author = {李俊，李运堂},
	title = {四旋翼飞行器的动力学建模及PID控制},
	journal = {辽宁工程技术大学学报(自然科学版)},
	volume = {},
	number = {114-117},
	year = {2012},
	issn = {1008-0562},
	doi ={}
}
@article{BJHK201506011,
	author = {杨立本，章卫国，黄得刚},
	title = {基于ADRC姿态解耦的四旋翼飞行器鲁棒轨迹跟踪},
	journal = {北京航空航天大学学报},
	volume = {},
	number = {1026-1033},
	year = {2015},
	issn = {1001-5965},
	doi ={10.13700/j.bh.1001-5965.2014.0392}
}
@article{JSYJ202002002,
	author = {危双丰 ，庞帆，刘振彬，师现杰},
	title = {基于激光雷达的同时定位与地图构建方法综述},
	journal = {计算机应用研究},
	volume = {},
	number = {327-332},
	year = {2020},
	issn = {1001-3695},
	doi ={10.19734/j.issn.1001-3695.2018.09.0674}
}
@phdthesis{xuZjuSlam,
	author = {徐则中},
	title = {移动机器人的同时定位和地图构建},
	school = {浙江大学},
	year = {2004}
}
@mastersthesis{liScutSlam,
	author = {李昀泽},
	title = {基于激光雷达的室内机器人SLAM研究},
	school = {华南理工大学},
	year = {2016}
}

